<?xml version="1.0" encoding="UTF-8"?><collection xmlns="http://www.loc.gov/MARC21/slim"><record><leader>00580nam--2200181-i-4500</leader><controlfield tag="001">000047731</controlfield><controlfield tag="002">20161230</controlfield><controlfield tag="005">20161230201046</controlfield><controlfield tag="008">060222s1000------------r-----000-0-eng-d</controlfield><datafield ind1=" " ind2=" " tag="040"><subfield code="a">IFIN-HH</subfield></datafield><datafield ind1=" " ind2=" " tag="080"><subfield code="a">543.422.6</subfield></datafield><datafield ind1="1" ind2=" " tag="100"><subfield code="a">Engstrom, A</subfield></datafield><datafield ind1="1" ind2="0" tag="245"><subfield code="a">X-ray microscopy and x-ray microanalysis</subfield><subfield code="b">Proceedings of the second international symposium (stockholm, 1960)</subfield><subfield code="c">A. engstrom, v. cosslett, h. pattee (eds.)</subfield></datafield><datafield ind1=" " ind2=" " tag="260"><subfield code="a">Amsterdan</subfield><subfield code="b">Elsevier Publishing Company</subfield><subfield code="c">1960</subfield></datafield><datafield ind1=" " ind2=" " tag="300"><subfield code="a">X+542P</subfield></datafield><datafield ind1="1" ind2=" " tag="700"><subfield code="a">Pattee, H</subfield><subfield code="e">Ed</subfield></datafield><datafield ind1=" " ind2=" " tag="852"><subfield code="a">16259</subfield><subfield code="c">537.531</subfield></datafield><datafield ind1=" " ind2=" " tag="CAT"><subfield code="a">Sys</subfield><subfield code="c">20110809</subfield><subfield code="h">104531</subfield></datafield></record></collection>